<?xml version="1.0" encoding="UTF-8"?><collection xmlns="http://www.loc.gov/MARC21/slim"><record><leader>00354nam--2200109-i-4500</leader><controlfield tag="001">000047696</controlfield><controlfield tag="002">20161230</controlfield><controlfield tag="005">20161230201046</controlfield><controlfield tag="008">060222s1000------------r-----000-0-eng-d</controlfield><datafield ind1=" " ind2=" " tag="245"><subfield code="a">Wissenschaftliche beitrage aus der ddr uber die friedliche anwndung der kernenergie. in:kernergie,zeitschrift</subfield></datafield><datafield ind1=" " ind2=" " tag="260"><subfield code="a">Berlin, Veb Deutscher Verlag, 1958. 97 P</subfield></datafield><datafield ind1=" " ind2=" " tag="852"><subfield code="a">12455</subfield></datafield></record></collection>